
@InProceedings{	  McSwain1975,
  Address	= {Geneva, Switzerland},
  Author	= {McSwain, R. H. and Bates, C. E.},
  BookTitle	= {The metallurgy of cast iron: proceedings},
  Pages		= {423--440},
  Title		= {{Surface and interfacial energy relationships controlling
		  graphite formation in cast iron}},
  Year		= {1975}
}

@Article{	  Johnson1978,
  Author	= {Johnson, W C and Kovacs, B V},
  Journal	= {Metallurgical Transactions A},
  Month		= {feb},
  Number	= {2},
  Pages		= {219--229},
  Title		= {{The effect of additives on the eutectoid transformation
		  of ductile iron}},
  Volume	= {9},
  Year		= {1978},
  DOI		= {10.1007/BF02646704},
  ISBN		= {0210021950},
  ISSN		= {0360-2133}
}

@Article{	  Meier2013a,
  Author	= {Meier, Leopold and Hofmann, Michael and Saal, Patrick and
		  Volk, Wolfram and Hoffmann, Hartmut},
  Journal	= {Materials Characterization},
  Month		= {nov},
  Pages		= {124--133},
  Publisher	= {Elsevier Inc.},
  Title		= {{In-situ measurement of phase transformation kinetics in
		  austempered ductile iron}},
  Volume	= {85},
  Year		= {2013},
  DOI		= {10.1016/j.matchar.2013.09.005},
  ISSN		= {10445803}
}

@Article{	  Trudel1997,
  Author	= {Trudel, A And Gagne, M.},
  Journal	= {Canadian Metallurgical Quarterly},
  Month		= {dec},
  Number	= {5},
  Pages		= {289--298},
  Title		= {{Effect of composition and heat treatment parameters on
		  the characteristics of austempered ductile irons}},
  Volume	= {36},
  Year		= {1997},
  DOI		= {10.1016/S0008-4433(97)00028-1},
  ISBN		= {0008-4433},
  ISSN		= {00084433}
}

@Article{	  Aranzabal1997,
  Author	= {Aranzabal, J. and Gutierrez, I. and Rodriguez-Ibabe, J. M.
		  and Urcola, J. J.},
  Journal	= {Metallurgical and Materials Transactions A},
  Month		= {may},
  Number	= {5},
  Pages		= {1143--1156},
  Publisher	= {Springer Nature},
  Title		= {{Influence of the amount and morphology of retained
		  austenite on the mechanical properties of an austempered
		  ductile iron}},
  Volume	= {28},
  Year		= {1997},
  DOI		= {10.1007/s11661-997-0280-6},
  ISSN		= {1073-5623}
}

@Book{		  Porter2009,
  Author	= {Porter, David A. and Easterling, K. E. and Sherif, Mohamed
		  Y.},
  Pages		= {500},
  Publisher	= {CRC Press},
  Address = {Boca Raton, FL},
  Edition = {3rd},
  Title		= {{Phase Transformations in Metals and Alloys}},
  Year		= {2009},
  ISBN		= {1420062107}
}

@Article{	  Zhao1995,
  Author	= {Zhao, Ji-Cheng and Notis, Michael R.},
  Journal	= {Materials Science and Engineering: R: Reports},
  Month		= {nov},
  Number	= {4-5},
  Pages		= {135--207},
  Title		= {{Continuous cooling transformation kinetics versus
		  isothermal transformation kinetics of steels: a
		  phenomenological rationalization of experimental
		  observations}},
  Volume	= {15},
  Year		= {1995},
  DOI		= {10.1016/0927-796X(95)00183-2},
  ISSN		= {0927796X}
}

@Article{	  Edmonds2006,
  Author	= {Edmonds, D. V. and He, K. and Rizzo, F. C. and {De Cooman},
		  B. C. and Matlock, D. K. and Speer, J. G.},
  Journal	= {Materials Science and Engineering: A},
  Month		= {nov},
  Pages		= {25--34},
  Title		= {{Quenching and partitioning martensite - A novel steel
		  heat treatment}},
  Volume	= {438-440},
  Year		= {2006},
  DOI		= {10.1016/j.msea.2006.02.133},
  ISSN		= {09215093}
}

@InProceedings{	  Streicher2004,
  Author	= {Streicher, A. M. and Speer, J. G. and Matlock, D. K. and
		  Edmonds, B.},
  BookTitle	= {Advanced High Strength Sheet Steels for Auto
		  Applications},
  Pages		= {51--62},
  Title		= {{Quenching and partitioning response of a Si-added TRIP
		  sheet steel}},
  Year		= {2004}
}

@Article{	  Vieira2017,
  Author	= {Vieira, I. and Klemm-Toole, J. and Buchner, E. and
		  Williamson, D. L. and Findley, K. O. and {De Moor}, E.},
  Journal	= {Scientific Reports},
  Month		= {dec},
  Number	= {1},
  Pages		= {17337},
  Publisher	= {Springer US},
  Title		= {{A Dilatometric Study of Tempering Complemented by
		  M{\"{o}}ssbauer Spectroscopy and other Characterization
		  Techniques}},
  Volume	= {7},
  Year		= {2017},
  DOI		= {10.1038/s41598-017-17654-x},
  ISSN		= {2045-2322}
}

@PhdThesis{	  Melado2018,
  Author	= {Melado, Andr{\'{e}} Caetano},
  Month		= {apr},
  Pages		= {221},
  Publisher	= {Biblioteca Digital de Teses e Disserta{\c{c}}{\~{o}}es da
		  Universidade de S{\~{a}}o Paulo},
  School	= {Universidade de S{\~{a}}o Paulo},
  Title		= {{Ferros fundidos nodulares de alta resist{\^{e}}ncia
		  obtidos por tratamento t{\'{e}}rmico de t{\^{e}}mpera e
		  parti{\c{c}}{\~{a}}o: microestrutura e comportamento
		  mec{\^{a}}nico.}},
  Year		= {2018}
}

@Book{		  Guesser2009,
  Address	= {S{\~{a}}o Paulo},
  Author	= {Guesser, Wilson Luiz},
  Pages		= {336},
  Publisher	= {Edgar Bl{\"{u}}cher Ltda.},
  Title		= {{Propriedades mec{\^{a}}nicas dos ferros fundidos}},
  Year		= {2009}
}

@Article{	  Hayrynen2002,
  Author	= {Hayrynen, K. L. and Brandenberg, K. R. and Keough, J. R.},
  Journal	= {Transactions of the American Foundry Society},
  Number	= {02-084},
  Pages		= {1--10},
  Title		= {{Applications of Austempered Cast Irons}},
  Volume	= {110},
  Year		= {2002}
}

@Article{	  Bhadeshia1980a,
  Author	= {Bhadeshia, H. K. D. H. and Edmonds, D. V.},
  Journal	= {Acta Metallurgica},
  Month		= {sep},
  Number	= {9},
  Pages		= {1265--1273},
  Title		= {{The mechanism of bainite formation in steels}},
  Volume	= {28},
  Year		= {1980},
  DOI		= {10.1016/0001-6160(80)90082-6},
  ISBN		= {0001-6160},
  ISSN		= {00016160}
}

@Article{	  Caballero2005,
  Author	= {Caballero, Francisca G. and Garc{\'{i}}a-Mateo, Carlos and
		  {Garc{\'{i}}a de Andr{\'{e}}s}, Carlos},
  Journal	= {Materials Transactions, JIM},
  Number	= {3},
  Pages		= {581--586},
  Publisher	= {Japan Institute of Metals},
  Title		= {{Dilatometric Study of Reaustenitisation of High Silicon
		  Bainitic Steels: Decomposition of Retained Austenite}},
  Volume	= {46},
  Year		= {2005},
  DOI		= {10.2320/matertrans.46.581},
  ISSN		= {1345-9678}
}

@Article{	  Garcia-Mateo2009,
  Author	= {Garc{\'{i}}a-Mateo, C and Caballero, F. G. and Chao, J. and
		  Capdevila, C. and Garcia, C.},
  Journal	= {Journal of Materials Science},
  Month		= {jul},
  Number	= {17},
  Pages		= {4617--4624},
  Title		= {{Mechanical stability of retained austenite during plastic
		  deformation of super high strength carbide free bainitic
		  steels}},
  Volume	= {44},
  Year		= {2009},
  DOI		= {10.1007/s10853-009-3704-4},
  ISSN		= {0022-2461}
}

@Article{	  GarciaMateo2005,
  Author	= {Garc{\'{i}}a-Mateo, C. and Caballero, F. C. and Bhadeshia, 
      H. K. D. H.},
  Journal	= {Revista de metalurgia},
  Pages		= {186--193},
  Publisher	= {CENIM-CSIC},
  Title		= {{Superbainita. Una nueva microestructura bain{\'{i}}tica
		  de alta resistencia}},
  doi = {10.3989/revmetalm.2005.v41.i3.204},
  Volume	= {41},
  Year		= {2005}
}

@Article{	  Speer2003,
  Author	= {Speer, J. and Matlock, D. K. and {De Cooman}, B. C. and
		  Schroth, J. G.},
  Journal	= {Acta Materialia},
  Month		= {may},
  Number	= {9},
  Pages		= {2611--2622},
  Publisher	= {Elsevier BV},
  Title		= {{Carbon partitioning into austenite after martensite
		  transformation}},
  Volume	= {51},
  Year		= {2003},
  DOI		= {10.1016/S1359-6454(03)00059-4},
  ISSN		= {1359-6454}
}

@Article{	  Speer2004,
  Author	= {Speer, John G. and Edmonds, David V. and Rizzo, Fernando
		  C. and Matlock, David K.},
  Journal	= {Current Opinion in Solid State and Materials Science},
  Month		= {jun},
  Number	= {3-4},
  Pages		= {219--237},
  Title		= {{Partitioning of carbon from supersaturated plates of
		  ferrite, with application to steel processing and
		  fundamentals of the bainite transformation}},
  Volume	= {8},
  Year		= {2004},
  DOI		= {10.1016/j.cossms.2004.09.003},
  ISSN		= {13590286}
}

@MastersThesis{	  Silva2013,
  Author  = {{da Silva}, Anderson Jos{\'{e}} Saretta Tomaz},
  Month   = {aug},
  Pages   = {132},
  Publisher = {Universidade de Sao Paulo Sistema Integrado de Bibliotecas
      - SIBiUSP},
  School  = {Universidade de S{\~{a}}o Paulo},
  Type    = {Mestrado},
  Address	= {S{\~{a}}o Paulo},
  Title		= {{T{\^{e}}mpera e parti{\c{c}}{\~{a}}o em ferros fundidos
		  nodulares.}},
  Year		= {2013},
  DOI		= {10.11606/D.3.2013.tde-10072014-152701}
}

@Article{	  Labrecque1998,
  Author	= {Labrecque, C},
  Journal	= {Canadian Metallurgical Quarterly},
  Month		= {jun},
  Number	= {5},
  Pages		= {343--378},
  Title		= {{Review ductile iron: fifty years of continuous
		  development}},
  Volume	= {37},
  Year		= {1998},
  DOI		= {10.1016/S0008-4433(98)00031-7},
  ISSN		= {00084433}
}

@Book{		  Santos1989,
  Address	= {S{\~{a}}o Paulo},
  Author	= {Santos, A. B. S. and {Castelo Branco}, C. H.},
  Pages		= {205},
  Publisher	= {IPT},
  Title		= {{Metalurgia dos ferros fundidos cinzentos e nodulares}},
  Year		= {1989}
}

@Article{	  Gibbs1878,
  Author	= {Gibbs, J. Willard},
  Journal	= {American Journal of Science},
  Month		= {dec},
  Number	= {96},
  Pages		= {441--458},
  Publisher	= {A},
  Title		= {{On the equilibrium of heterogeneous substances}},
  Volume	= {s3-16},
  Year		= {1878},
  DOI		= {10.2475/ajs.s3-16.96.441},
  ISBN		= {0879332425},
  ISSN		= {0002-9599}
}

@Article{	  Chen2002,
  Author	= {Chen, Qing and Sundman, Bo},
  Journal	= {Materials Transactions, JIM},
  Number	= {3},
  Pages		= {551--559},
  Publisher	= {Japan Institute of Metals},
  Title		= {{Computation of Partial Equilibrium Solidification with
		  Complete Interstitial and Negligible Substitutional Solute
		  Back Diffusion}},
  Volume	= {43},
  Year		= {2002},
  DOI		= {10.2320/matertrans.43.551},
  ISSN		= {1345-9678}
}

@Article{	  Larouche2007,
  Author	= {Larouche, Daniel},
  Journal	= {Calphad},
  Month		= {dec},
  Number	= {4},
  Pages		= {490--504},
  Title		= {{Computation of solidification paths in multiphase alloys
		  with back-diffusion}},
  Volume	= {31},
  Year		= {2007},
  DOI		= {10.1016/j.calphad.2007.04.002},
  ISBN		= {03645916},
  ISSN		= {03645916}
}

@Article{	  Zener1946,
  Author  = {Zener, Clarence},
  Journal = {Metals Technology},
  Title		= {{Kinetics of the decomposition of austensite}},
  Volume	= {XIII},
  Year		= {1946}
}

@Article{	  Kovacs1981,
  Author	= {Kovacs, B. V.},
  Journal	= {Transactions of the American Foundry Society},
  Pages		= {79--96},
  Title		= {{Pearlite Stabilization In Cast Irons}},
  Volume	= {89},
  Year		= {1981}
}

@InCollection{  Goldenstein2002,
  Author = {Goldenstein, H.},
  Booktitle = {A{\c{c}}os: Perspectivas para os pr{\'{o}}ximos 10 anos},
  Editor = {Ivani Bott and Paulo Rios and Ronaldo Paranhos},
  Address = {Rio de Janeiro},
  Publisher = {Rede A\c{c}os},
  ISBN = {8590296512},
  Title = {{Bainita nos A{\c{c}}os}},
  Year = {2002}
}


@Article{	  Bayati1999,
  Author  = {Bayati, H. and Elliott, R.},
  Journal = {International Journal of Cast Metals Research},
  Number  = {5},
  Pages		= {413--417},
  Type		= {Article},
  Title		= {{The concept of an austempered heat treatment processing
		  window}},
  Volume	= {11},
  Year		= {1999},
  ISSN		= {1364-0461}
}

@Standard{		  A04Committee2016,
  Author	= {{ASTM International}},
  Publisher	= {ASTM International},
  Title		= {{A897/A897M-15 - Standard Specification for Austempered 
      Ductile Iron Castings}},
  Address = {West Conshohocken, PA},
  DOI = {10.1520/A0897\_A0897M-16},
  Year		= {2016}
}

@Article{	  Bayati1995,
  Author	= {Bayati, H. and Elliott, R.},
  Journal	= {Materials Science and Technology},
  Month		= {feb},
  Number	= {2},
  Pages		= {118--129},
  Title		= {{Austempering process in high manganese alloyed ductile
		  cast iron}},
  Volume	= {11},
  Year		= {1995},
  DOI		= {10.1179/026708395790164751},
  ISSN		= {02670836}
}

@Article{	  Velez1996,
  Author	= {V{\'{e}}lez, J. M. and Garboggini, A. and Tschiptschin, A.
		  P.},
  Journal	= {Materials Science and Technology},
  Month		= {apr},
  Number	= {4},
  Pages		= {329--337},
  Title		= {{Effect of silicon on Kinetics of bainitic reaction in
		  austempered ductile cast iron}},
  Volume	= {12},
  Year		= {1996},
  DOI		= {10.1179/mst.1996.12.4.329},
  ISSN		= {0267-0836}
}

@Article{	  Lin1996,
  Author	= {Lin, C.},
  Journal	= {International Journal of Fatigue},
  Month		= {jul},
  Number	= {5},
  Pages		= {297--307},
  Title		= {{Influence of microstructure on the fatigue properties of
		  austempered ductile irons—I. High-cycle fatigue}},
  Volume	= {18},
  Year		= {1996},
  DOI		= {10.1016/0142-1123(96)82895-7},
  ISBN		= {0142-1123},
  ISSN		= {01421123}
}

@Article{	  Magalhaes1998,
  Author	= {Magalh{\~{a}}es, L. and Seabra, J.},
  Journal	= {Wear},
  Month		= {mar},
  Number	= {1-2},
  Pages		= {237--246},
  Publisher	= {Elsevier BV},
  Title		= {{Wear and scuffing of austempered ductile iron gears}},
  Volume	= {215},
  Year		= {1998},
  DOI		= {10.1016/S0043-1648(97)00232-9},
  ISSN		= {00431648}
}

@Article{	  Hultgren1947,
  Author	= {Hultgren, A.},
  Journal	= {Transactions of the ASM},
  Pages		= {915--989},
  Title		= {{Isothermal transformation of austenite}},
  Volume	= {39},
  Year		= {1947}
}

@InCollection{	  Hillert2006,
  Author	= {Hillert, Mats},
  BookTitle	= {Thermodynamics and Phase Transformations: The selected
		  works of Mats Hillert},
  Chapter	= {2},
  Pages		= {9--24},
  Publisher	= {EDP Sciences},
  Address = {Les Ulis, France},
  Title		= {{Paraequilirium (Original paper published as an Internal
		  Report, Swedish Institute of Metals (1953))}},
  Year		= {2006}
}

@Article{	  Ghosh2001,
  Author	= {Ghosh, G. and Olson, G. B.},
  Journal	= {Metallurgical and Materials Transactions A},
  Number	= {March},
  Pages		= {455--467},
  Title		= {{Simulation of paraequilibrium growth in multicomponent
		  systems}},
  Volume	= {32},
  Year		= {2001},
  DOI		= {10.1007/s11661-001-0062-5},
  ISBN		= {10735623},
  ISSN		= {1073-5623}
}

@Article{	  Hillert2004a,
  Author	= {Hillert, M. and {\AA}gren, J.},
  Journal	= {Scripta Materialia},
  Month		= {mar},
  Number	= {5},
  Pages		= {697--699},
  Title		= {{On the definitions of paraequilibrium and
		  orthoequilibrium}},
  Volume	= {50},
  Year		= {2004},
  DOI		= {10.1016/j.scriptamat.2003.11.020},
  ISSN		= {13596462}
}

@Article{	  Hillert1986,
  Author	= {Hillert, Mats},
  Journal	= {Journal of Applied Physics},
  Number	= {6},
  Pages		= {1868},
  Title		= {{Impact of Clarence Zener upon metallurgy}},
  Volume	= {60},
  Year		= {1986},
  DOI		= {10.1063/1.337235},
  ISSN		= {00218979}
}

@Article{	  Bain1924,
  Author	= {Bain, E. C.},
  Journal	= {Transactions of the American Institute of Mining and
		  Metallurgical Engineers},
  Number	= {1921},
  Pages		= {25--46},
  Title		= {{The nature of martensite}},
  Volume	= {70},
  Year		= {1924},
  DOI		= {10.1007/sll098-009-9453-z},
  ISBN		= {0000000000000}
}

@Book{		  Honeycombe2006,
  Address	= {Boston, MA},
  Author	= {Bhadeshia, Harry and Honeycombe, Robert},
  BookTitle	= {Steels: Microstructure and Properties},
  Edition	= {3rd},
  Pages		= {344},
  Publisher	= {Butterworth-Heinemann},
  Title		= {{Steels: Microstructure and Properties}},
  Year		= {2006},
  DOI		= {10.1016/B978-0-7506-8084-4.X5000-6},
  ISBN		= {9780750680844},
  ISSN		= {03783804}
}

@Article{	  Speich1972,
  Author	= {Speich, G. R. and Leslie, W. C.},
  Journal	= {Metallurgical Transactions},
  Month		= {may},
  Number	= {5},
  Pages		= {1043--1054},
  Title		= {{Tempering of steel}},
  Volume	= {3},
  Year		= {1972},
  DOI		= {10.1007/BF02642436},
  ISSN		= {0360-2133}
}

@Article{	  Andrews1965,
  Author	= {Andrews, K. W.},
  Journal	= {Iron and Steel Institute Journal},
  Number	= {7},
  Pages		= {721--727},
  Publisher	= {Iron and Steel Institute (ISI)},
  Title		= {{Empirical formulae for calculation of some transformation
		  temperatures}},
  Volume	= {203},
  Year		= {1965}
}

@Article{	  Liu2001,
  Author	= {Liu, Cheng and Zhao, Zhenbo and Northwood, Derek O. and
		  Liu, Yunxu},
  Journal	= {Journal of Materials Processing Technology},
  Month		= {jun},
  Number	= {1-3},
  Pages		= {556--562},
  Title		= {{A new empirical formula for the calculation of MS
		  temperatures in pure iron and super-low carbon alloy
		  steels}},
  Volume	= {113},
  Year		= {2001},
  DOI		= {10.1016/S0924-0136(01)00625-2},
  ISBN		= {1416979530},
  ISSN		= {09240136}
}

@Article{	  Koistinen1959,
  Author	= {Koistinen, D. P. and Marburger, R. E.},
  Journal	= {Acta Metallurgica},
  Month		= {jan},
  Number	= {1},
  Pages		= {59--60},
  Title		= {{A general equation prescribing the extent of the
		  austenite-martensite transformation in pure iron-carbon
		  alloys and plain carbon steels}},
  Volume	= {7},
  Year		= {1959},
  DOI		= {10.1016/0001-6160(59)90170-1},
  ISBN		= {0001-6160},
  ISSN		= {00016160}
}

@PhdThesis{DeMoor2009,
  Author = {{De Moor}, Emmanuel},
  School = {Universiteit Gent},
  Address = {Gent, Belgium},
  Title = {Assessment of Quenching and Partitioning as a
  Fundamentally New Way of Producing Advanced High Strength
  Martensitic Steel Grades with Improved Ductility},
  Pages = {178},
  Year = {2009},
  ISBN = {9789085782575}
}

@Article{	  DeCooman2004,
  Author	= {{De Cooman}, B.C.},
  Journal	= {Current Opinion in Solid State and Materials Science},
  Month		= {jun},
  Number	= {3-4},
  Pages		= {285--303},
  Title		= {{Structure–properties relationship in TRIP steels
		  containing carbide-free bainite}},
  Volume	= {8},
  Year		= {2004},
  DOI		= {10.1016/j.cossms.2004.10.002},
  ISSN		= {13590286}
}

@Article{	  Reisner1997,
  Author	= {Reisner, G and Werner, E. A. and Kerschbaummayr, P and
		  Papst, I. and Fischer, F. D.},
  Journal	= {JOM},
  Month		= {sep},
  Number	= {9},
  Pages		= {62--65},
  Title		= {{The modeling of retained austenite in low-alloyed TRIP
		  steels}},
  Volume	= {49},
  Year		= {1997},
  DOI		= {10.1007/BF02914354},
  ISSN		= {1047-4838}
}

@article{   Meyer1999,
  author = {{De Meyer}, M. and Vanderschueren, D. and {De Cooman}, B. C.},
  title = {{The Influence of the Substitution of Si by Al on the 
      Properties of Cold Rolled C-Mn-Si TRIP Steels.}},
  journal = {ISIJ International},
  number = {8},
  pages = {813--822},
  publisher = {Iron and Steel Institute of Japan},
  volume = {39},
  doi = {10.2355/isijinternational.39.813},
  year = {1999}
}

@Article{	  Timokhina2004,
  Author	= {Timokhina, I. B. and Hodgson, P. D. and Pereloma, E. V.},
  Journal	= {Metallurgical and Materials Transactions A},
  Number	= {August},
  Pages		= {2331--2341},
  Title		= {{Effect of microstructure on the stability of retained
		  austenite in transformation-induced-plasticity steels}},
  Volume	= {35},
  Year		= {2004},
  DOI		= {10.1007/s11661-006-0213-9},
  ISSN		= {1073-5623}
}

@Article{	  Bai1998,
  Author	= {Bai, D. Q. and {Di Chiro}, A. and Yue, Steve},
  Journal	= {Materials Science Forum},
  Pages		= {253--262},
  Title		= {{Stability of Retained Austenite in a Nb Microalloyed
		  Mn-Si TRIP Steel}},
  Volume	= {284-286},
  Year		= {1998},
  DOI		= {10.4028/www.scientific.net/MSF.284-286.253},
  ISSN		= {1662-9752}
}

@Article{	  Takahashi1991,
  Author	= {Takahashi, M and Bhadeshia, H. K. D. H.},
  Journal	= {Materials Transactions, JIM},
  Number	= {8},
  Pages		= {689--696},
  Title		= {{A Model for the Microstructure of Some Advanced Bainitic
		  Steels}},
  Volume	= {32},
  Year		= {1991},
  DOI		= {10.2320/matertrans1989.32.689},
  ISBN		= {0916-1821},
  ISSN		= {0916-1821}
}

@Article{	  Xiong2013,
  Author	= {Xiong, X. C. and Chen, B. and Huang, M. X. and Wang, J. F.
		  and Wang, L.},
  Journal	= {Scripta Materialia},
  Month		= {mar},
  Number	= {5},
  Pages		= {321--324},
  Title		= {{The effect of morphology on the stability of retained
		  austenite in a quenched and partitioned steel}},
  Publisher = {Acta Materialia Inc.},
  Volume	= {68},
  Year		= {2013},
  DOI		= {10.1016/j.scriptamat.2012.11.003},
  ISSN		= {13596462}
}

@Article{	  Matas1960,
  Author	= {Matas, S. And Hehemann, R. F.},
  Journal	= {Nature},
  Month		= {aug},
  Number	= {4738},
  Pages		= {685--686},
  Publisher	= {Springer Nature},
  Title		= {{Retained Austenite and the Tempering of Martensite}},
  Volume	= {187},
  Year		= {1960},
  DOI		= {10.1038/187685a0},
  ISBN		= {0028-0836},
  ISSN		= {0028-0836}
}

@Article{	  Matlock2010,
  Author	= {Matlock, David K. and Speer, John G.},
  Journal	= {Materials and Manufacturing Processes},
  Month		= {mar},
  Number	= {1-3},
  Pages		= {7--13},
  Publisher	= {Informa UK Limited},
  Title		= {{Processing Opportunities for New Advanced High-Strength
		  Sheet Steels}},
  Volume	= {25},
  Year		= {2010},
  DOI		= {10.1080/10426910903158272},
  ISSN		= {1042-6914}
}

@Article{	  Matlock2003,
  Author	= {Matlock, David K. and Br{\"{a}}utigam, Volker E. and
		  Speer, John G.},
  Journal	= {Materials Science Forum},
  Month		= {jul},
  Number	= {2},
  Pages		= {1089--1094},
  Title		= {{Application of the Quenching and Partitioning (Q{\&}P)
		  Process to a Medium-Carbon, High-Si Microalloyed Bar
		  Steel}},
  Volume	= {426-432},
  Year		= {2003},
  DOI		= {10.4028/www.scientific.net/MSF.426-432.1089},
  ISBN		= {978-0-87849-919-9},
  ISSN		= {1662-9752}
}

@Article{	  Silva2014,
  Author	= {{da Silva}, Anderson Jos{\'{e}} Saretta Tomaz and
		  Goldenstein, H{\'{e}}lio and Guesser, Wilson Luiz and de
		  Campos, Marcos Fl{\'{a}}vio},
  Journal	= {Materials Research},
  Month		= {oct},
  Number	= {5},
  Pages		= {1115--1123},
  Publisher	= {Materials Research},
  Title		= {{Quenching and partitioning heat treatment in ductile cast
		  irons}},
  Volume	= {17},
  Year		= {2014},
  DOI		= {10.1590/1516-1439.220713},
  ISSN		= {1516-1439}
}

@Article{	  Speer2005e,
  Author	= {Speer, J. G. and Matlock, D. K. and DeCooman, B. C. and
		  Schroth, J. G.},
  Journal	= {Scripta Materialia},
  Month		= {jan},
  Number	= {1},
  Pages		= {83--85},
  Publisher	= {E},
  Title		= {{Comments on “On the definitions of paraequilibrium and
		  orthoequilibrium” by M. Hillert and J. {\AA}gren, Scripta
		  Materialia, 50, 697–9 (2004)}},
  Volume	= {52},
  Year		= {2005},
  DOI		= {10.1016/j.scriptamat.2004.08.029},
  ISSN		= {1359-6462}
}

@Article{	  Hillert2005,
  Author	= {Hillert, M. and {\AA}gren, J.},
  Journal	= {Scripta Materialia},
  Month		= {jan},
  Number	= {1},
  Pages		= {87--88},
  Publisher	= {Elsevier BV},
  Title		= {{Reply to comments on “On the definition of
		  paraequilibrium and orthoequilibrium”}},
  Volume	= {52},
  Year		= {2005},
  DOI		= {10.1016/j.scriptamat.2004.08.026},
  ISSN		= {13596462}
}

@Article{	  Speer2007,
  Author	= {Speer, J. G. and Hackenberg, R. E. and Decooman, B. C. and
		  Matlock, D. K.},
  Journal	= {Philosophical Magazine Letters},
  Month		= {jun},
  Number	= {6},
  Pages		= {379--382},
  Publisher	= {Informa UK Limited},
  Title		= {{Influence of interface migration during annealing of
		  martensite/austenite mixtures}},
  Volume	= {87},
  Year		= {2007},
  DOI		= {10.1080/09500830701194173},
  ISSN		= {0950-0839}
}

@PhdThesis{	  Martins2007,
  Author  = {Martins, Ana Rosa Fonseca Aguiar},
  Month   = {apr},
  Pages   = {194},
  School  = {Pontif{\'{i}}cia Universidade Catol{\'{o}}lica do Rio de
      Janeiro},
  Type    = {Doutorado},
  Address	= {Rio de Janeiro},
  Title		= {{T{\^{e}}mpera e Parti{\c{c}}{\~{a}}o em a{\c{c}}os de
		  alta resist{\^{e}}ncia contendo Ni: modelagem
		  cin{\'{e}}tica, microestrutura e propriedades mec{\^{a}}nicas}},
  Year		= {2007},
  DOI		= {10.17771/PUCRio.acad.10952}
}

@MastersThesis{	  Coelho2008,
  Address	= {Rio de Janeiro},
  Author	= {Coelho, Daniel Massari Souza},
  Month		= {apr},
  School	= {Pontif{\'{i}}cia Universidade Catol{\'{o}}lica do Rio de
		  Janeiro},
  Title		= {{Efeito da temperatura de austenitiza{\c{c}}{\~{a}}o no
		  processo de T{\^{e}}mpera e Parti{\c{c}}{\~{a}}o}},
  Year		= {2008},
  DOI		= {10.17771/PUCRio.acad.12177}
}

@Article{	  Lobo1976a,
  Author	= {Lobo, Joseph A. and Geiger, Gordon H.},
  Journal	= {Metallurgical Transactions A},
  Month		= {sep},
  Number	= {September},
  Pages		= {1347--1357},
  Title		= {{Thermodynamics and solubility of carbon in ferrite and
		  ferritic Fe-Mo alloys}},
  Volume	= {7},
  Year		= {1976},
  DOI		= {10.1007/BF02658820},
  ISSN		= {03602133}
}

@Article{	  Lobo1976b,
  Author	= {Lobo, Joseph A. and Geiger, Gordon H.},
  Journal	= {Metallurgical Transactions A},
  Month		= {sep},
  Number	= {9},
  Pages		= {1359--1364},
  Title		= {{Thermodynamics of carbon in austenite and Fe-Mo
		  austenite}},
  Volume	= {7},
  Year		= {1976},
  DOI		= {10.1007/BF02658821},
  ISSN		= {0360-2133}
}

@Article{	  Bhadeshia1981,
  Author	= {Bhadeshia, H. K. D. H.},
  Journal	= {Metal Science},
  Month		= {apr},
  Number	= {4},
  Pages		= {175--177},
  Title		= {{Driving force for martensitic transformation in steels}},
  Volume	= {15},
  Year		= {1981},
  DOI		= {10.1179/030634581790426714},
  ISSN		= {0306-3453}
}

@Article{	  Toji2015,
  Author	= {Toji, Yuki and Miyamoto, Goro and Raabe, Dierk},
  Journal	= {Acta Materialia},
  Month		= {mar},
  Pages		= {137--147},
  Publisher	= {Elsevier BV},
  Title		= {{Carbon partitioning during quenching and partitioning
		  heat treatment accompanied by carbide precipitation}},
  Volume	= {86},
  Year		= {2015},
  DOI		= {10.1016/j.actamat.2014.11.049},
  ISSN		= {1359-6454}
}

@InProceedings{	  Krauss1983,
  Author	= {Krauss, George},
  BookTitle	= {Phase Transformations in Ferrous Alloys},
  Pages		= {101--123},
  Title		= {{Tempering and structural change in ferrous martensitic
		  structures}},
  Year		= {1983}
}

@Article{	  Owen1951,
  Author	= {Owen, W. S.},
  Journal	= {Journal of the Iron and Steel Institute},
  Number	= {February},
  Pages		= {117--120},
  Title		= {{The Carbide Phase In Iron Carbon Silicon Alloys}},
  Volume	= {167},
  Year		= {1951}
}

@InProceedings{	  Barnard1981,
  Author	= {Barnard, S J and Smith, G D W and Garratt-Reed, A J
      and Sande, J V},
  BookTitle	= {Advances in the physical metalurgy and applications of
		  steels: Proceedings of an International Conference},
  Pages		= {33--37},
  Title		= {{Influence of Silicon on the tempering of Steel}},
  Year		= {1981}
}

@Article{	  Ghosh2002,
  Author	= {Ghosh, G. and Olson, G. B.},
  Journal	= {Acta Materialia},
  Pages		= {2099--2119},
  Title		= {{Precipitation of paraequilibrium cementite: Experiments,
		  and thermodynamic and kinetic modeling}},
  Volume	= {50},
  Year		= {2002},
  DOI		= {10.1016/S1359-6454(02)00054-X},
  ISBN		= {13596454},
  ISSN		= {13596454}
}

@Article{	  Kozeschnik2008,
  Author	= {Kozeschnik, E. and Bhadeshia, H. K. D. H.},
  Journal	= {Materials Science and Technology},
  Month		= {mar},
  Number	= {3},
  Pages		= {343--347},
  Title		= {{Influence of silicon on cementite precipitation in
		  steels}},
  Volume	= {24},
  Year		= {2008},
  DOI		= {10.1179/174328408X275973},
  ISBN		= {174328408X},
  ISSN		= {0267-0836}
}

@Article{		  Owen1954,
  Author	= {Owen, Walter S.},
  Journal	= {Transactions of the American Society for Metals},
  Pages		= {812--829},
  Title		= {{The Effect of Silicon on the Kinetics of Tempering}},
  Volume	= {46},
  Year		= {1954},
  ISBN		= {978-85-232-0700-7},
  ISSN		= {0096-7416}
}

@Article{	  Kenneford1957,
  Author	= {Kenneford, A S and Williams, T.},
  Journal	= {J. Iron Steel Inst},
  Number	= {April},
  Pages		= {467--474},
  Title		= {{Effect of Some Common Alloying Elements on the Breakdown
		  of Martensite in a W.Q. 0.35{\%} Carbon Steel}},
  Volume	= {185},
  Year		= {1957}
}

@Article{	  Reisdorf1963,
  Author	= {Reisdorf, B. G.},
  Journal	= {Transactions of the Metallugical Society of AIME},
  Pages		= {1334--1341},
  Title		= {{The Tempering Characteristics of some 0.4 pct Carbon
		  Ultrahigh-Strength Steels}},
  Volume	= {227},
  Year		= {1963}
}

@Article{	  Kaufman1958,
  Author	= {Kaufman, Larry and Cohen, Morris},
  Journal	= {Progress in Metal Physics},
  Month		= {jan},
  Pages		= {165--246},
  Publisher	= {Elsevier BV},
  Title		= {{Thermodynamics and kinetics of martensitic
		  transformations}},
  Volume	= {7},
  Year		= {1958},
  DOI		= {10.1016/0502-8205(58)90005-4},
  ISSN		= {0502-8205}
}

@Article{	  Pati1969,
  Author	= {Pati, S. R. and Cohen, Morris},
  Journal	= {Acta Metallurgica},
  Month		= {mar},
  Number	= {3},
  Pages		= {189--199},
  Publisher	= {Elsevier BV},
  Title		= {{Nucleation of the isothermal martensitic
		  transformation}},
  Volume	= {17},
  Year		= {1969},
  DOI		= {10.1016/0001-6160(69)90058-3},
  ISSN		= {0001-6160}
}

@Article{	  Howard1947,
  Author	= {Howard, R. T. and Cohen, M.},
  Journal	= {Transactions AIME},
  Number	= {October},
  Pages		= {384--400},
  Title		= {{Austenite transformation above and within the martensite
		  range}},
  Year		= {1947}
}

@Article{	  Schaaber1955,
  Author	= {Schaaber, O.},
  Journal	= {Journal of Metals},
  Pages		= {559--560},
  Title		= {{Some observations on isothermal austenite transformation
		  near the martensite start temperature}},
  Volume	= {199},
  Year		= {1955}
}

@Article{	  Radcliffe1959,
  Author	= {Radcliffe, S. V. and Rollason, E. C.},
  Journal	= {Journal of the Iron and Steel Institute},
  Pages		= {56--65},
  Title		= {{The kinetics of the formation of bainite in high-purity
		  iton-carbon alloys}},
  Volume	= {191},
  Year		= {1959}
}

@Article{	  Okamoto1985,
  Author	= {Okamoto, H and Oka, M},
  Journal	= {Metallurgical Transactions A},
  Number	= {December},
  Pages		= {2257--2262},
  Title		= {{Isothermal Martensite transformation in a 1.80wt{\%}C
		  steel}},
  Volume	= {16},
  Year		= {1985},
  DOI		= {10.1007/BF02670425},
  ISSN		= {0360-2133}
}

@Article{	  Oka1988,
  Author	= {Oka, M. and Okamoto, H.},
  Journal	= {Metallurgical Transactions A},
  Month		= {mar},
  Number	= {3},
  Pages		= {447--452},
  Publisher	= {Springer Nature},
  Title		= {{Swing back in kinetics near Ms in hypereutectoid
		  steels}},
  Volume	= {19},
  Year		= {1988},
  DOI		= {10.1007/BF02649258},
  ISSN		= {0360-2133}
}

@Article{	  VanBohemen2008,
  Author	= {{van Bohemen}, S. M. C. and Santofimia, M. J. and Sietsma, J.},
  Journal	= {Scripta Materialia},
  Month		= {mar},
  Number	= {6},
  Pages		= {488--491},
  Publisher	= {Elsevier BV},
  Title		= {{Experimental evidence for bainite formation below Ms in
		  Fe–0.66C}},
  Volume	= {58},
  Year		= {2008},
  DOI		= {10.1016/j.scriptamat.2007.10.045},
  ISSN		= {13596462}
}

@Article{	  Kim2010,
  Author	= {Kim, Donghwi and Speer, John G. and {De Cooman}, B. C.},
  Journal	= {Metallurgical and Materials Transactions A},
  Month		= {dec},
  Number	= {6},
  Pages		= {1575--1585},
  Title		= {{Isothermal Transformation of a CMnSi Steel Below the MS
		  Temperature}},
  Volume	= {42},
  Year		= {2011},
  DOI		= {10.1007/s11661-010-0557-z},
  ISSN		= {1073-5623}
}

@Article{	  Kim2012,
  Author	= {Kim, Donghwi and Lee, Seok-Jae and {De Cooman}, Bruno
		  C.},
  Journal	= {Metallurgical and Materials Transactions A},
  Month		= {oct},
  Number	= {13},
  Pages		= {4967--4983},
  Title		= {{Microstructure of Low C Steel Isothermally Transformed in
		  the Ms to Mf Temperature Range}},
  Volume	= {43},
  Year		= {2012},
  DOI		= {10.1007/s11661-012-1338-7},
  ISBN		= {1166101213387},
  ISSN		= {1073-5623}
}

@Article{	  Clarke2008,
  Author	= {Clarke, A. J. and Speer, J. G. and Miller, M. K. and
		  Hackenberg, R. E. and Edmonds, D. V. and Matlock, D. K. and
		  Rizzo, F. C. and Clarke, K. D. and {De Moor}, E.},
  Journal	= {Acta Materialia},
  Month		= {jan},
  Number	= {1},
  Pages		= {16--22},
  Publisher	= {Elsevier BV},
  Title		= {{Carbon partitioning to austenite from martensite or
		  bainite during the quench and partition (Q{\&}P) process: A
		  critical assessment}},
  Volume	= {56},
  Year		= {2008},
  DOI		= {10.1016/j.actamat.2007.08.051},
  ISSN		= {1359-6454}
}

@Book{		  Cullity2001,
  Author	= {Cullity, B. D. and Stock, S. R.},
  Address = {New York, NY},
  Edition	= {3rd},
  Publisher	= {Prentice Hall},
  Title		= {{Elements of X-ray diffraction}},
  Year		= {2001}
}

@Article{	  Dyson1970,
  Author	= {Dyson, D. J. and Holmes, B.},
  Journal	= {Journal of the Iron and Steel Institute},
  Pages		= {469--474},
  Title		= {{Effect of alloying additions on the lattice parameter of
		  austenite}},
  Volume	= {208},
  Year		= {1970}
}

@Article{	  VanBohemen2013b,
  Author	= {{van Bohemen}, S M C},
  Journal	= {Scripta Materialia},
  Month		= {aug},
  Number	= {4},
  Pages		= {315--318},
  Title		= {{The nonlinear lattice expansion of iron alloys in the
		  range 100-1600 K}},
  Publisher = {Acta Materialia Inc.},
  Volume	= {69},
  Year		= {2013},
  DOI		= {10.1016/j.scriptamat.2013.05.009},
  ISBN		= {1359-6462},
  ISSN		= {13596462}
}

@Article{	  VanBohemen2012,
  Author	= {{van Bohemen}, S. M. C.},
  Journal	= {Materials Science and Technology},
  Month		= {apr},
  Number	= {4},
  Pages		= {487--495},
  Publisher	= {Informa UK Limited},
  Title		= {{Bainite and martensite start temperature calculated with
		  exponential carbon dependence}},
  Volume	= {28},
  Year		= {2012},
  DOI		= {10.1179/1743284711Y.0000000097},
  ISSN		= {0267-0836}
}

@Article{	  Oila2014,
  Author	= {Oila, Adrian and Lung, Chi and Bull, Steve},
  Journal	= {Journal of Materials Science},
  Month		= {mar},
  Number	= {5},
  Pages		= {2383--2390},
  Title		= {{Elastic properties of eta carbide ($\eta$-Fe2C) from ab
		  initio calculations: application to cryogenically treated
		  gear steel}},
  Volume	= {49},
  Year		= {2014},
  DOI		= {10.1007/s10853-013-7942-0},
  ISSN		= {0022-2461}
}

@Article{	  Fleet1986,
  Author	= {Fleet, Michael E.},
  Journal	= {Journal of Solid State Chemistry},
  Month		= {mar},
  Number	= {1},
  Pages		= {75--82},
  Title		= {{The structure of magnetite: Symmetry of cubic spinels}},
  Volume	= {62},
  Year		= {1986},
  DOI		= {10.1016/0022-4596(86)90218-5},
  ISSN		= {00224596}
}

@Article{	  West2005,
  Author	= {WEST, G. D. and BIROSCA, S. and HIGGINSON, R. L.},
  Journal	= {Journal of Microscopy},
  Month		= {feb},
  Number	= {2},
  Pages		= {122--129},
  Title		= {{Phase determination and microstructure of oxide scales
		  formed on steel at high temperature}},
  Volume	= {217},
  Year		= {2005},
  DOI		= {10.1111/j.1365-2818.2005.01409.x},
  ISBN		= {0435-3676},
  ISSN		= {0022-2720}
}

@Article{	  Nagakura1959,
  Author	= {Nagakura, Sigemaro},
  Journal	= {Journal of the Physical Society of Japan},
  Month		= {feb},
  Number	= {2},
  Pages		= {186--195},
  Title		= {{Study of Metallic Carbides by Electron Diffraction Part
		  III. Iron Carbides}},
  Volume	= {14},
  Year		= {1959},
  DOI		= {10.1143/JPSJ.14.186},
  ISSN		= {0031-9015}
}

@Article{	  Waterschoot2006,
  Author	= {Waterschoot, T. and Verbeken, K. and {De Cooman}, B. C.},
  Journal	= {ISIJ International},
  Number	= {1},
  Pages		= {138--146},
  Publisher	= {Iron and Steel Institute of Japan},
  Title		= {{Tempering Kinetics of the Martensitic Phase in DP
		  Steel}},
  Volume	= {46},
  Year		= {2006},
  DOI		= {10.2355/isijinternational.46.138},
  ISSN		= {0915-1559}
}

@Article{	  Hillert2004,
  Author	= {Hillert, M. and H{\"{o}}glund, L. and {\AA}gren, J.},
  Journal	= {Metallurgical and Materials Transactions A},
  Number	= {12},
  Pages		= {3693--3700},
  Publisher	= {Springer Nature},
  Title		= {{Role of carbon and alloying elements in the formation of
		  bainitic ferrite}},
  Volume	= {35},
  Year		= {2004},
  DOI		= {10.1007/s11661-004-0275-5},
  ISSN		= {1073-5623}
}

@Article{	  Gamsjager2006,
  Author	= {Gamsj{\"{a}}ger, E. and Militzer, M. and Fazeli, F. and
		  Svoboda, J. and Fischer, F.D. D},
  Journal	= {Computational Materials Science},
  Month		= {aug},
  Number	= {1-2},
  Pages		= {94--100},
  Title		= {{Interface mobility in case of the austenite-to-ferrite
		  phase transformation}},
  Volume	= {37},
  Year		= {2006},
  DOI		= {10.1016/j.commatsci.2005.12.011},
  ISBN		= {09270256},
  ISSN		= {09270256}
}

@Article{	  Chen2014,
  Author	= {Chen, Hao and {van der Zwaag}, Sybrand},
  Journal	= {Acta Materialia},
  Pages		= {1--12},
  Title		= {{A general mixed-mode model for the austenite-to-ferrite
		  transformation kinetics in Fe-C-M alloys}},
  Publisher = {Acta Materialia Inc.},
  Volume	= {72},
  Year		= {2014},
  DOI		= {10.1016/j.actamat.2014.03.034},
  ISBN		= {13596454},
  ISSN		= {13596454}
}

@Article{	  Hillert1993,
  Author	= {Hillert, Mats and H{\"{o}}glund, Lars and {\AA}gren, John},
  Journal	= {Acta metallurgica et materialia},
  Month		= {jul},
  Number	= {7},
  Pages		= {1951--1957},
  Publisher	= {Elsevier},
  Title		= {{Escape of carbon from ferrite plates in austenite}},
  Volume	= {41},
  Year		= {1993},
  DOI		= {10.1016/0956-7151(93)90365-Y},
  ISBN		= {0956-7151},
  ISSN		= {09567151}
}

@Article{	  Agren1982,
  Author	= {{\AA}gren, J.},
  Journal	= {Acta Metallurgica},
  Month		= {apr},
  Number	= {4},
  Pages		= {841--851},
  Title		= {{Computer simulations of the austenite/ferrite diffusional
		  transformations in low alloyed steels}},
  Volume	= {30},
  Year		= {1982},
  DOI		= {10.1016/0001-6160(82)90082-7},
  ISSN		= {00016160}
}

@Article{	  Agren1986,
  Author	= {{\AA}gren, John},
  Journal	= {Scripta Metallurgica},
  Month		= {nov},
  Number	= {11},
  Pages		= {1507--1510},
  Publisher	= {Elsevier BV},
  Title		= {{A revised expression for the diffusivity of carbon in
		  binary Fe-C austenite}},
  Volume	= {20},
  Year		= {1986},
  DOI		= {10.1016/0036-9748(86)90384-4},
  ISSN		= {00369748}
}

@Article{	  Santofimia2008,
  Author	= {Santofimia, M. J. and Zhao, L. and Sietsma, J.},
  Journal	= {Scripta Materialia},
  Month		= {jul},
  Number	= {2},
  Pages		= {159--162},
  Title		= {{Model for the interaction between interface migration and
		  carbon diffusion during annealing of martensite-austenite
		  microstructures in steels}},
  Volume	= {59},
  Year		= {2008},
  DOI		= {10.1016/j.scriptamat.2008.02.045},
  ISSN		= {13596462}
}

@Article{	  Santofimia2009,
  Author	= {Santofimia, M. J. and Speer, J. G. and Clarke, A. J. and
		  Zhao, L. and Sietsma, J.},
  Journal	= {Acta Materialia},
  Month		= {sep},
  Number	= {15},
  Pages		= {4548--4557},
  Publisher	= {Elsevier BV},
  Title		= {{Influence of interface mobility on the evolution of
		  austenite–martensite grain assemblies during annealing}},
  Volume	= {57},
  Year		= {2009},
  DOI		= {10.1016/j.actamat.2009.06.024},
  ISSN		= {1359-6454}
}

@Article{	  Santofimia2011a,
  Author	= {Santofimia, M. J. and Zhao, L. and Petrov, R. and
		  Kwakernaak, C. and Sloof, W. G. and Sietsma, J.},
  Journal	= {Acta Materialia},
  Month		= {sep},
  Number	= {15},
  Pages		= {6059--6068},
  Publisher	= {Elsevier BV},
  Title		= {{Microstructural development during the quenching and
		  partitioning process in a newly designed low-carbon
		  steel}},
  Volume	= {59},
  Year		= {2011},
  DOI		= {10.1016/j.actamat.2011.06.014},
  ISSN		= {1359-6454}
}

@Article{	  DeKnijf2015,
  Author	= {{De Knijf}, Dorien and Santofimia, Maria J. and Shi, Hui
		  and Bliznuk, Vitaliy and F{\"{o}}jer, Cecilia and Petrov, Roumen 
      and Xu, Wei},
  Journal	= {Acta Materialia},
  Pages		= {161--168},
  Title		= {{In situ austenite-martensite interface mobility study
		  during annealing}},
  Volume	= {90},
  Year		= {2015},
  DOI		= {10.1016/j.actamat.2015.02.040},
  ISBN		= {1359-6454},
  ISSN		= {13596454}
}

@Article{	  Hajyakbary2016,
  Author	= {HajyAkbary, Farideh and Sietsma, Jilt and Miyamoto, Goro
		  and Furuhara, Tadashi and Santofimia, Maria Jesus},
  Journal	= {Acta Materialia},
  Month		= {feb},
  Pages		= {72--83},
  Publisher	= {Elsevier BV},
  Title		= {{Interaction of carbon partitioning, carbide precipitation
		  and bainite formation during the Q{\&}P process in a low C
		  steel}},
  Volume	= {104},
  Year		= {2016},
  DOI		= {10.1016/j.actamat.2015.11.032},
  ISSN		= {1359-6454}
}

@Article{	  Seo2016,
  Author	= {Seo, Eun Jung and Cho, Lawrence and Estrin, Yuri and 
      {De Cooman}, Bruno C.},
  Journal	= {Acta Materialia},
  Month		= {jul},
  Pages		= {124--139},
  Publisher	= {Elsevier Ltd},
  Title		= {{Microstructure-mechanical properties relationships for
		  quenching and partitioning (Q{\&}P) processed steel}},
  Volume	= {113},
  Year		= {2016},
  DOI		= {10.1016/j.actamat.2016.04.048},
  ISBN		= {13596454},
  ISSN		= {13596454}
}

@Article{   Fredriksson2005,
  author = {Fredriksson, Hasse and Stjerndahl, J. and Tinoco, J.},
  doi = {10.1016/j.msea.2005.09.028},
  isbn = {0921-5093},
  issn = {09215093},
  journal = {Materials Science and Engineering: A},
  month = {dec},
  pages = {363--372},
  title = {{On the solidification of nodular cast iron and its relation to the expansion and contraction}},
  volume = {413-414},
  year = {2005}
}

@Article{ Ruxanda2001,
  author = {Ruxanda, R and Beltran-Sanchez, L and Massone, J and Stefanescu, D M},
  journal = {Transactions of American Foundry Society},
  keywords = {Spheroidal graphite iron,eutectic solidification,experimental,mathematical modeling approach},
  number = {01-066},
  pages = {1--12},
  title = {{On the Eutectic Solidification of Spheroidal Graphite Iron: An Experimental and Mathematical Modeling Approach}},
  volume = {109},
  year = {2001}
}

@PhdThesis{Boeri1989,
  author = {Boeri, Roberto Enrique},
  Month = {November},
  pages = {300},
  school = {The University of British Columbia},
  title = {{The solification of ductile cast iron}},
  type = {PhD thesis},
  year = {1989}
}

@InCollection{Polackzek2008,
  author = {B{\"{u}}hrig-Polackzek, Andreas and {dos Santos}, Daniel},
  address = {Materials Park, OH},
  booktitle = {ASM Handbook Volume 15: Casting},
  pages = {317--329},
  publisher = {ASM International},
  title = {{Solidification of Eutectic Alloys - Cast iron}},
  year = {2008}
}
